3016 5228
140 337 178 395 2l
369 336 410 412 ¹(l.
430 335 469 393 X.
508 336 582 394 RES
601 335 773 394 PVBLICA
791 335 936 392 POPVLI
955 334 1120 393 nonnul.

142 485 236 542 neque
255 467 361 542 gentile
378 483 499 533 nomen,
521 485 614 543 neque
632 477 934 542 cognomeuusquam
954 463 1022 520 alibi
1041 466 1181 521 occurrit.
1219 463 1361 520 Occurrit

143 578 215 634 gens
242 558 478 616 GRANIORVM
504 578 605 634 saepe:
634 570 665 614 at
688 576 850 634 cognomen
876 556 1049 614 GRANIVS
1076 554 1135 613 non
1161 558 1279 613 invenio
1303 557 1362 613 uisi

143 652 173 706 in
192 652 278 707 Grut.
299 655 437 719 6t7,‚5.‚
471 652 549 728 quud
576 653 644 728 quia
671 650 712 711 ibi
740 662 806 706 aute
834 650 968 710 lacunam
990 648 1076 707 cubat
1108 648 1363 705 Gutum-n-

143 746 247 800 merito
273 742 417 810 dubitavi,
446 765 484 800 an
509 744 633 800 schedae
651 744 826 804 Vrsinianae
853 761 955 800 verum
977 742 1119 799 dederint
1158 742 1226 800 Non
1246 741 1362 796 dedisse

142 836 203 892 vidi
221 854 257 892 ex
270 836 346 892 Don.
362 836 441 893 VIII.
464 843 508 896 71.
529 857 559 912 p.
574 843 649 904 531,
670 834 719 892 uhi
736 846 767 890 ut
785 835 894 892 inedita
913 835 1014 902 datum
1037 852 1129 910 neque
1148 836 1241 909 magis
1262 836 1360 898 scivit,

143 939 313 1002 corruptam
337 939 365 984 et
388 947 521 985 mancam
545 930 575 986 in
600 930 728 984 Grutero
751 928 824 1002 legi,
855 929 1034 985 hluratorius
1056 932 1126 992 959.
1148 931 1175 986 6.
1206 945 1243 983 ex
1265 927 1363 982 Donio

146 1031 259 1076 tantum
277 1021 360 1078 dans.
400 1021 478 1093 Quid
496 1023 585 1096 igitur
604 1023 716 1079 restat?
744 1023 849 1082 tacitus
868 1023 953 1078 citius
974 1021 1084 1075 audies.

141 1145 144 1151 ·
216 1113 353 1189 Explosis
378 1113 602 1189 cognominibus
628 1112 811 1182 SEllVlVS,
845 1124 874 1170 ct
899 1110 1071 1170 GRANJVS
1102 1111 1147 1169 vel
1175 1111 1360 1177 cunutus,

141 1225 182 1262 nn
207 1206 477 1269 immisericorditer
501 1225 517 1262 a
543 1224 588 1263 me
612 1204 646 1262 fit
673 1205 858 1281 duriterque,
894 1208 920 1262 si
946 1206 1169 1279 inscriptionem
1187 1205 1362 1279 Pighianam

143 1317 180 1354 ex
201 1301 393 1374 genuiuarum
415 1318 537 1356 numero
563 1298 746 1374 expungam?
779 1299 852 1356 Eam
875 1301 940 1374 quis
966 1297 1087 1364 viderit,
1122 1315 1222 1354 omues
1242 1307 1360 1352 tacent.

143 1390 263 1455 Certum
286 1403 344 1458 est,
378 1394 505 1466 primum
530 1391 671 1448 editorem
690 1390 831 1448 Smetimu
856 1409 916 1448 nou
941 1390 1063 1454 vidisse,
1098 1392 1147 1464 qui
1168 1408 1183 1444 a
1202 1390 1308 1463 Pighio
1330 1408 1362 1444 se

143 1486 291 1561 accepisse
315 1483 429 1545 scribit.
470 1484 580 1542 Collata
606 1503 672 1544 cum
697 1483 754 1540 lus.
780 1485 876 1559 Pighii
900 1484 931 1538 in
957 1483 1041 1539 Grut.
1070 1482 1124 1538 Ed.
1153 1500 1212 1540 sec.
1242 1482 1360 1540 dicitur.

143 1576 242 1651 Quid?
268 1579 294 1633 si
312 1595 376 1632 eam
393 1577 513 1652 Pighius
533 1577 641 1634 Rornae
666 1595 703 1632 ex
726 1575 856 1636 lontibus
882 1594 941 1632 non
965 1592 1170 1650 usquequaque
1190 1574 1364 1647 limpidissi.

143 1671 214 1737 mis,
242 1669 272 1725 id
290 1680 335 1726 est
353 1689 389 1725 ex
408 1670 523 1727 schedis
544 1681 672 1736 tautum,
701 1667 796 1727 πολλὰ
813 1671 871 1747 μὲν
889 1665 1005 1736 ἐσθλὰ,
1032 1666 1128 1724 πολλὰ
1147 1667 1177 1724 δὲ
1196 1664 1249 1723 καὶ
1266 1664 1364 1742 λυγρὰ

143 1762 320 1836 complexis,
349 1762 473 1817 fortasse
498 1761 680 1838 Ligarianis,
712 1761 789 1816 uude
807 1761 916 1821 multat
932 1760 1066 1835 Pighium
1091 1760 1224 1814 hausisse
1245 1757 1362 1816 aliunde

143 1855 294 1918 novimus,
324 1855 355 1908 in
380 1872 448 1909 suas
473 1855 590 1909 chartas
615 1853 776 1909 derivarit?
803 1851 945 1927 Apicibus
972 1852 1041 1907 olim
1068 1850 1194 1924 syllabas
1220 1851 1363 1926 quasdam

142 1945 246 2021 longas
275 1947 372 2000 uetari
398 1947 429 2000 in
459 1944 653 2002 marmoribus
685 1944 857 2022 quibusdam
886 1947 1074 2001 consuevisse
1104 1947 1176 2000 satis
1204 1946 1358 2002 novimusa

144 2037 194 2101 sed
222 2042 252 2093 in
277 2037 419 2111 I'mhiano
447 2057 550 2094 versus
575 2037 806 2113 pantalionis
832 2037 943 2095 duabus
969 2038 1064 2111 longis
1091 2038 1183 2093 solum
1209 2039 1362 2110 impositos

144 2141 282 2186 accentus
302 2148 381 2196 esse,
411 2142 618 2206 praetereaque
638 2131 708 2187 nulli
729 2131 821 2187 vocali
839 2131 943 2206 longae
963 2133 993 2189 iu
1012 2129 1146 2187 versibus
1168 2148 1273 2185 novom
1292 2130 1364 2185 reli.

145 2226 225 2299 (ptris,
256 2242 325 2278 num
350 2222 432 2278 valde
458 2223 573 2296 placet?
606 2224 663 2294 Qui
684 2223 912 2281 SACERDotem
929 2223 1028 2280 IOVle
1052 2222 1228 2280 TONANtis
1252 2241 1364 2297 coguo-

143 2318 222 2371 mine
240 2316 357 2372 insolito
377 2315 536 2383 subulo,
560 2317 679 2392 eiusque
697 2318 818 2374 fratrem
838 2318 1010 2391 cognomine
1029 2316 1128 2373 itidem
1149 2318 1246 2372 luniso
1266 2316 1364 2372 Gita-

144 2407 235 2466 NlVS
254 2407 508 2474 ve1GRAv1vs,
535 2407 620 2465 nohis
639 2408 791 2465 obtrusum
811 2411 878 2475 ivit,
906 2428 942 2466 ex
960 2410 1080 2465 ΡΑΡΙΑ
1098 2407 1194 2476 trihu,
1221 2410 1361 2473 omnium,

144 2512 176 2556 ut
200 2503 257 2575 ipsi
281 2500 449 2570 videbatur,
480 2512 508 2557 et
534 2502 619 2578 vulgo
645 2501 816 2581 putabatur,
847 2504 1009 2560 certissima
1028 2502 1159 2558 lraudem
1178 2519 1260 2557 suam
1282 2501 1364 2557 dete-

146 2605 224 2649 ctum
243 2595 297 2661 iri,
318 2596 367 2649 vix
385 2595 508 2668 putavit.

219 2685 250 2760 d)
278 2685 310 2741 Si
329 2688 452 2742 maxime
471 2704 539 2743 vera
560 2688 599 2744 sit
617 2704 692 2742 urna
711 2687 868 2762 Pighiana,
899 2689 924 2745 si
945 2690 1098 2747 verissime
1123 2688 1288 2760 exscripto,
1322 2689 1362 2742 ita

140 2779 279 2833 utinen
302 2776 347 2833 his
367 2778 486 2834 PAPlA
511 2780 667 2853 sculpserit
693 2799 795 2835 manus
821 2781 956 2856 antiqua,
989 2799 1077 2856 quum
1103 2780 1157 2835 alia
1183 2798 1363 2835 marmorum

124 2871 269 2926 aliorum
288 2871 417 2944 exempla
437 2872 581 2938 nondum,
612 2873 689 2948 quod
710 2874 816 2938 sciam,
846 2873 1026 2948 prodierint,
1057 2892 1130 2948 cquae
1149 2873 1268 2930 PAPIA
1288 2874 1364 2928 tribu

145 2980 273 3038 expanso
292 2965 414 3030 sistant,
438 2964 603 3039 prodierint
622 2976 717 3022 autem
739 2966 843 3032 multa,
871 2985 943 3042 quae
962 2966 1123 3024 PAPllllA
1143 2985 1197 3040 per
1214 2967 1364 3022 extensio-

136 3074 212 3111 ·uem
236 3056 386 3121 literarum
409 3067 570 3123 ostentent,
601 3059 770 3124 comiciam,
801 3059 948 3133 scalprum
967 3057 1003 3114 ah
1022 3061 1035 3114 Ι
1054 3061 1153 3133 priore
1175 3059 1243 3115 adl
1263 3069 1364 3133 poste-

145 3150 207 3204 rius
226 3147 272 3204 his
290 3151 511 3223 properavisse3
540 3151 622 3205 cuius
641 3152 756 3226 generis
779 3163 876 3208 errata
895 3149 1009 3208 fabrilia
1029 3163 1189 3208 occurrunt
1210 3162 1361 3216 sexcenta,

146 3243 176 3297 in
201 3243 305 3316 primis
329 3239 380 3297 ubi
404 3241 531 3314 syllabae
556 3242 666 3298 mediae
691 3245 722 3299 in
741 3244 861 3303 candem
886 3242 1028 3301 cadehant
1047 3244 1186 3302 vocalem.
1226 3243 1277 3301 Sic
1297 3243 1365 3299 Bu-

144 3334 342 3402 NEhlENTI,
363 3334 634 3402 tucont‘atuln,
659 3336 898 3406 lNCllEDlLlS,
922 3337 1070 3404 etloum
1098 3356 1152 3411 pro
1171 3339 1363 3404 benemerenti‘,

145 3427 366 3499 incomparabilc',
385 3429 568 3494 incredibilis,
586 3429 720 3501 Illtudope.

219 3519 398 3578 Illuratorius
423 3520 460 3576 ad
481 3529 566 3588 1087,
590 3531 614 3579 1.
645 3520 682 3577 ob
707 3522 792 3579 PAP.
819 3521 1042 3581 TICINENSIS
1068 3524 1174 3596 repetit
1195 3523 1365 3594 opinionem

146 3627 243 3679 suain,
264 3613 355 3665 Ticini·
372 3631 478 3668 nomen
498 3615 566 3669 olim
585 3633 759 3670 conuersum
778 3616 867 3672 luisse
887 3617 918 3672 in
938 3617 1068 3688 Papum,
1093 3613 1170 3690 quod
1190 3615 1364 3671 Ticiuenses

144 3702 233 3759 tribui
253 3706 360 3777 Papiae
379 3705 519 3779 adscripti
539 3708 656 3762 luerint.
690 3707 781 3764 lutino
800 3709 941 3783 adscripti
960 3710 1077 3764 luerunt
1096 3705 1185 3764 tribui
1204 3705 1364 3771 PAPi'ri‘ae,

144 3815 205 3852 non
230 3797 360 3852 Parias.
400 3796 484 3867 Quod
509 3797 615 3856 ibidem
640 3801 670 3856 iu
697 3811 828 3857 extremo
851 3803 950 3876 posuit
971 3800 1024 3856 Vir
1047 3797 1270 3866 celeberrimus,
1304 3819 1365 3856 non

144 3907 300 3964 possumus
320 3909 379 3945 non
401 3893 534 3965 accipere
560 3895 646 3967 grati.
686 3893 853 3962 „Gruterus
878 3912 945 3968 pag.
967 3882 1054 3955 tols,
1084 3898 1110 3947 7.
1142 3893 1367 3965 inscriptionem

145 3982 332 4037 Ticineusem
350 3981 440 4041 refert
460 3987 586 4057 positam
609 3985 645 4040 Τ.
666 3985 778 4043 DlDlO
797 3985 838 4042 Μ.
860 3985 894 4041 F.
915 3983 1003 4041 PAL.
1025 3983 1177 4041 PlllSCO.
1216 3984 1365 4042 Adhibitis

146 4094 199 4150 ego
224 4075 315 4130 oculis
341 4078 412 4130 meis
440 4075 478 4162 ibi
504 4076 649 4151 legebam,
681 4075 721 4133 Μ.
742 4079 775 4134 F.
803 4078 890 4133 PAP.
917 4076 1088 4133 Pttlsco.'‘
1118 4109 1148 4119 -
1176 4096 1249 4152 quae
1276 4097 1367 4152 quum

145 4165 290 4253 scriberet
308 4167 505 4234 Illuratorius,
531 4189 590 4224 non
609 4168 770 4244 cogitabat,
798 4189 829 4225 se
848 4179 939 4226 totam
959 4172 1179 4244 inscriptionem
1198 4181 1266 4244 post
1286 4172 1367 4227 Grn-

47 4287 49 4290 ’
144 4250 239 4315 terma
261 4260 395 4316 daturum
420 4279 500 4316 essee
529 4261 607 4318 dedit
632 4274 727 4317 antem
748 4267 834 4330 1119,
854 4266 882 4319 d.
914 4263 949 4321 de
975 4263 1062 4334 Papia
1087 4261 1183 4329 tribu,
1213 4273 1242 4316 et
1267 4264 1366 4317 Ticino

144 4353 211 4407 inde
231 4354 318 4422 Papia
337 4353 429 4419 dicto,
460 4355 564 4409 iterum
583 4365 797 4422 cottnmentaus,
828 4375 920 4431 neque
940 4356 1096 4432 quidquam
1122 4358 1190 4409 novi
1218 4356 1364 4413 adserens.

144 4445 186 4500 Dc
206 4447 320 4498 Colonia
339 4430 495 4502 Ticinta‘in
516 4446 601 4503 Grut.
617 4453 687 4512 552,
710 4453 736 4504 5.
765 4448 961 4522 explodenda,
990 4448 1081 4523 deque
1102 4450 1216 4501 Coloceia
1237 4452 1368 4520 papiense

143 4534 179 4592 ab
198 4539 262 4611 i'pso
282 4537 444 4595 llluratorio
463 4538 583 4612 explosa
604 4541 633 4594 iu
654 4537 770 4612 Spuriis
794 4545 880 4607 1793,
903 4549 928 4596 9.
951 4551 1050 4607 taceo,
1074 4551 1105 4596 ut
1124 4540 1233 4594 liniam.

216 4631 292 4685 Ante
311 4640 424 4697 tamen,
450 4649 536 4706 quam
555 4628 669 4696 liniam,
697 4649 733 4686 ue
753 4632 822 4708 quid
840 4633 1037 4689 dissimulasse
1059 4633 1176 4699 videar,
1208 4642 1258 4687 aut
1276 4652 1367 4708 prac-
