3016 5228
143 336 182 396 28
376 337 410 399 C.
432 338 472 396 X.
509 337 585 398 RES
604 339 776 435 PVBUCA
794 339 939 400 POPVLI
958 338 1122 400 ROMANI.

141 472 213 521 nsit
230 466 289 522 atta
305 464 447 539 tomam,
473 472 533 525 ciui
550 488 602 526 sou
617 481 661 525 tn
678 479 768 539 nomi,
792 491 808 524 e
825 473 849 524 tt
862 491 991 546 prauum
1009 491 1024 524 s
1045 490 1124 525 nosse
1142 473 1214 525 teitu
1232 491 1361 526 curenno

142 561 210 615 dett
228 563 416 635 Imperatore,
434 561 484 616 ube
501 565 546 617 lor
560 571 679 636 permise
696 567 727 616 io
743 563 952 632 eittedinunza,
974 563 1022 616 eise
1040 574 1137 636 petente
1154 583 1204 617 crs
1222 567 1246 616 ii
1261 576 1361 619 costes·

142 671 201 718 me,
230 654 286 705 eil
302 654 421 721 dovere,
448 661 478 710 iu
497 664 578 710 unio
596 656 645 709 cite
663 658 770 724 douai,
798 656 847 709 eiu
865 656 892 709 io
911 666 1112 709 trasturas-ono
1136 665 1214 710 sotto
1232 658 1359 727 Claudio,

138 742 249 816 flirono
267 747 394 799 condotti
412 766 431 800 a
450 749 509 800 mul
521 754 630 820 partito
655 748 730 825 (Dio
747 752 799 816 60,
821 747 886 827 17.)
922 748 969 804 Ed
991 752 1006 801 i·
1023 748 1110 822 forse
1130 769 1183 821 per
1202 760 1296 821 potesta
1314 751 1361 803 che

142 837 331 892 uincentem
356 845 431 893 tanti
450 838 567 915 Claudi,
587 840 685 917 Flat'j‚
706 842 791 918 Ulpj,
811 841 874 916 Elj,
896 841 1013 916 Aureli,
1035 840 1149 916 Settintj
1174 841 1248 894 mlle
1272 845 1359 896 classe

142 928 211 981 delle
229 934 371 984 iscrisioni
389 933 520 1000 militari,
540 953 554 986 e
572 935 615 987 ns'
633 935 677 987 ior
694 935 836 1001 laterculi,
854 934 902 988 else
920 941 946 987 si
962 953 1055 986 vanno
1074 933 1113 985 od
1130 940 1196 1003 ogni
1210 955 1280 1007 poco
1299 936 1361 988 dis-

138 1023 319 1076 cutiens-mio
345 1022 395 1100 (v.
414 1023 545 1083 Febrett.
569 1044 601 1102 p.
618 1027 705 1102 dili.)
721 1027 779 1079 ‘do'
802 1028 878 1100 patuli
901 1027 925 1078 s'
942 1034 1052 1100 impura
1075 1024 1187 1095 altresi,
1213 1026 1255 1079 cb’
1273 1047 1359 1082 erens

138 1120 221 1186 quusi
238 1122 305 1169 esest
322 1123 436 1173 nomi·
450 1119 492 1172 cd
508 1119 691 1191 marquisius
709 1119 810 1186 Tetti,
838 1138 853 1172 s
876 1121 956 1172 molti
978 1137 998 1170 a
1016 1117 1102 1172 Trite
1125 1136 1181 1173 aon
1204 1126 1359 1174 oonoseiutc

141 1207 207 1261 mit
230 1213 327 1262 antico
349 1209 453 1278 Roma,
485 1213 518 1262 ad
543 1211 609 1264 date
624 1210 713 1284 fores
735 1213 776 1265 ud
797 1214 868 1266 altri
887 1211 936 1266 else
959 1231 978 1264 u
995 1212 1114 1276 soideti,
1145 1231 1160 1264 s
1185 1212 1359 1266 denuntiante

141 1300 223 1369 degit
239 1306 322 1354 stessi
337 1302 505 1375 Imperatori
524 1303 637 1372 Giulis,
656 1306 804 1381 Augusta,
826 1304 941 1372 Flavia,
961 1304 1063 1379 Ulpia,
1091 1302 1173 1360 Aelia
1192 1325 1208 1357 s
1225 1302 1357 1372 Aurelia,

139 1392 250 1446 ed¹era
272 1395 292 1446 l
311 1402 523 1466 aggregatione
546 1396 587 1449 ud
608 1416 665 1452 mu
684 1397 770 1453 Trttt
790 1399 839 1471 psl
859 1399 967 1451 sotum
990 1404 1115 1469 ripuiutn
1132 1416 1223 1469 spesse
1241 1400 1317 1451 volte
1334 1399 1359 1452 si

141 1491 314 1552 meronie,
344 1487 393 1540 ohe
417 1497 514 1560 prussia
529 1488 576 1561 'fi‘
594 1490 663 1543 dcta
687 1493 812 1545 edmdio
831 1491 871 1543 ad
893 1492 998 1554 almani,
1027 1489 1076 1542 obs
1100 1508 1186 1542 steno
1210 1490 1240 1540 dt
1257 1510 1359 1560 genere

138 1577 294 1633 libertino?
331 1578 394 1637 cn.
422 1582 509 1637 etiam
533 1579 663 1641 Fabrett.
683 1604 713 1660 p.
733 1589 797 1647 595.
836 1582 922 1654 ,Nisi
950 1581 1029 1659 epod
1054 1581 1091 1638 de
1118 1582 1182 1637 istis
1211 1581 1356 1648 tribubus,

141 1689 216 1746 quae
235 1672 352 1727 nomina
372 1674 558 1748 imperatoria
578 1687 814 1751 assumpserunt,
841 1675 899 1731 dici
916 1676 1018 1732 forsan
1037 1671 1155 1741 debeat,
1179 1691 1228 1730 ess
1247 1676 1359 1731 scilicet

139 1780 248 1819 nomeu
262 1780 346 1819 suum
358 1782 418 1820 non
431 1763 631 1844 dereliquisse,
647 1768 700 1825 sed
713 1786 821 1826 novum
836 1768 866 1824 in
879 1766 1073 1825 adulationem
1086 1768 1308 1842 assumpsisse.”
1325 1798 1356 1811 ··

216 1853 360 1912 Tribuum
388 1859 503 1935 quidem
528 1861 649 1916 istarum
675 1861 929 1937 imperatoriamm
952 1859 1063 1917 nullum
1088 1860 1150 1916 iere
1174 1861 1207 1916 in
1230 1863 1358 1939 antiquis

143 1944 337 2022 scriptoribus
356 1953 510 2027 campum
526 1963 677 2028 superest,
704 1953 762 2011 nisi
785 1952 864 2028 apud
882 1952 1017 2010 Gessium
1039 1952 1165 2011 Dionem
1184 1952 1240 2020 ll,
1262 1958 1289 2012 5.
1322 1953 1358 2009 de

142 2039 217 2098 Iulio
235 2042 378 2100 Caesares
411 2046 472 2103 uie
491 2046 594 2120 φυλῶν
609 2042 686 2123 plue
702 2044 759 2122 τὴν
778 2044 879 2124 κλήρῳ
903 2047 1075 2122 λαχοῦσαν,
1099 2042 1232 2104 Ἰουλίαν
1249 2045 1359 2104 ἐπεκά-

141 2135 249 2207 λεσαν,
266 2146 297 2192 et
313 2141 367 2205 st,
385 2143 434 2197 20.
466 2137 502 2220 de
519 2136 668 2215 Augustos
699 2137 754 2198 sui
767 2135 870 2214 φυλὴν
889 2135 1022 2196 'noviler
1040 2137 1085 2196 ἐπ’
1106 2135 1189 2210 αὐτῷ
1205 2136 1360 2216 ἐπονομά-

139 2228 250 2299 ζεσθαι
275 2229 405 2287 decrerit
429 2242 558 2289 senatun.
595 2229 656 2289 stt
674 2231 711 2289 ad
728 2233 814 2289 istam
832 2228 943 2287 tribum
959 2229 1063 2287 Iuliam
1082 2230 1287 2296 honorariam,
1315 2239 1357 2296 et,

142 2321 256 2399 siquid
272 2317 375 2394 uideo,
396 2325 606 2400 temporariam
620 2324 834 2392 tantummodo,
855 2342 916 2380 uon
933 2333 1058 2398 possunt
1075 2322 1181 2379 referri
1198 2323 1257 2379 nisi
1274 2322 1355 2380 Pan·

142 2415 259 2472 viuisua
277 2416 327 2474 illa
345 2416 499 2475 admodum
521 2416 626 2475 dubiae
647 2417 718 2477 lidei
736 2417 822 2476 Grut.
842 2419 911 2485 5-l9,
930 2419 960 2476 l·
985 2426 1015 2471 et
1031 2418 1101 2483 sat,
1123 2421 1169 2474 ti.
1207 2415 1358 2472 Certiores

140 2518 211 2566 sunt
240 2510 413 2583 posterioris
441 2512 562 2579 aetatis,
597 2512 629 2567 in
658 2508 762 2588 quibus
791 2507 1051 2585 Karthaginienses
1088 2519 1117 2565 et
1142 2507 1307 2564 Vticenses
1323 2508 1358 2564 ia

75 2609 78 2615 ’
141 2601 244 2659 Africa
262 2600 365 2661 Iuliam
384 2600 493 2661 tribum
508 2601 693 2679 profitentur,
708 2605 833 2679 itemque
851 2611 989 2678 qmuuor
1003 2600 1193 2668 Emoueuses,
1207 2599 1357 2657 s.Ae1no-

142 2711 266 2762 ueuses,
286 2712 312 2751 s.
333 2694 549 2764 Hemoneuses3
572 2714 697 2774 quorum
714 2697 811 2773 patria
828 2695 902 2752 lulis
921 2696 1051 2751 Acmona
1070 2705 1248 2750 memoratur
1268 2692 1356 2749 Grut.

142 2789 213 2853 ⁸6⁰2
235 2791 262 2846 5·
292 2798 321 2843 θῖ
344 2786 427 2845 Μᾶἦ·
454 2790 529 2847 Mau.
548 2789 617 2847 Ver.
636 2795 706 2856 225,
727 2794 754 2847 7·
783 2788 869 2846 bodie
893 2785 1015 2842 Luteci·
1039 2804 1064 2841 s.
1091 2785 1224 2840 Lesbium.
1261 2782 1360 2841 Simili

61 2911 67 2924 ·
142 2896 265 2953 prorsus
290 2881 404 2937 ratione
427 2881 559 2939 videmus
577 2881 677 2939 Flavia
701 2879 781 2938 tribu
805 2880 920 2938 censeri
946 2897 996 2936 eos
1020 2880 1161 2945 maxime,
1193 2877 1241 2954 qui
1259 2879 1360 2930 Flavia

133 2974 230 3024 Siscia
249 2983 278 3028 et
294 2975 393 3026 Flavia
411 2976 497 3027 Seiva
521 2985 619 3032 esseut
640 2975 773 3042 emundis
801 2973 902 3031 eodem
926 2989 1040 3050 quoque
1065 2970 1212 3028 deducunt
1234 2971 1359 3045 vestigia

141 3064 237 3122 tribus
257 3066 369 3134 Aeliae,
397 3084 465 3124 eum
489 3067 612 3124 militum
637 3069 732 3143 putria
754 3068 851 3131 Aetia,
880 3066 906 3121 si
930 3076 1011 3121 recte
1034 3063 1176 3120 divinant
1199 3060 1359 3139 Hagenbu-

141 3161 242 3227 chius,
262 3161 365 3214 Mensa
382 3159 444 3217 fers
464 3162 629 3218 coniuncta.
661 3158 852 3234 Quadrupliei
869 3159 960 3234 igitur
976 3158 1045 3213 hnic
1063 3156 1244 3213 similitudini
1262 3166 1359 3212 atten-

142 3246 260 3321 dentes,
286 3271 340 3321 eo,
371 3254 429 3310 uisi
453 3253 554 3320 fallor,
583 3253 769 3319 devenimus,
799 3263 831 3308 ut
855 3261 947 3307 totam
970 3268 1033 3307 rem
1056 3251 1099 3306 sie
1127 3248 1382 3305 constituamuss'

142 3345 251 3404 Tribus
269 3350 342 3404 istae
361 3348 584 3422 imperatoriae,
617 3348 695 3404 inter
712 3364 763 3412 ea,
788 3362 862 3422 quae
888 3343 1043 3401 simulacra
1072 3340 1214 3398 libertatis
1234 3342 1358 3399 Tacitus

142 3451 243 3507 vocat,
272 3452 353 3497 reete
374 3440 560 3507 referendae,
589 3441 784 3516 temporariae
806 3448 919 3494 tantum
943 3438 1077 3503 luerunt,
1108 3435 1171 3501 vel,
1201 3436 1227 3490 si
1251 3437 1356 3501 mavis,

141 3531 316 3589 bonorurise
335 3543 364 3588 et
382 3535 587 3609 imaginariae,
612 3551 706 3611 neque
724 3544 832 3590 temere
852 3528 1056 3588 immiscendae
1075 3515 1201 3585 ffl-V.
1221 3526 1357 3583 tribubus

140 3627 286 3700 antiquis3
314 3628 353 3682 ita
371 3626 502 3702 quidem,
523 3637 556 3682 ut
570 3646 677 3699 nomen
694 3645 811 3694 earmn,
833 3624 926 3682 sicubi
946 3633 1057 3689 exstat,
1079 3622 1108 3678 id
1127 3632 1187 3690 est,
1208 3622 1240 3677 in
1258 3620 1358 3676 militi·

142 3717 197 3774 bus
219 3718 368 3774 dmutaxut
387 3720 509 3794 originis
532 3717 690 3787 barbarae,
720 3719 767 3775 vel
789 3717 941 3775 libertinae
965 3714 1158 3783 conditionis,
1189 3713 1262 3770 nibil
1279 3712 1359 3771 alind

143 3814 197 3878 sit,
230 3813 288 3866 nisi
316 3809 435 3887 adeptae
464 3811 592 3867 civitatis
620 3811 767 3868 Romanae
795 3812 944 3868 indicium.
983 3807 1044 3865 Cur
1071 3827 1141 3866 uero
1170 3805 1275 3864 talibus
1303 3809 1357 3872 uti,

141 3903 316 3980 posthabitis
329 3903 468 3980 ¹antiquis
496 3901 645 3971 tribubus,
677 3903 723 3959 vel
749 3914 852 3978 sponte
875 3921 928 3958 sua
948 3902 994 3959 vel
1010 3903 1157 3976 permissu
1174 3902 1360 3976 praeposito-

143 4016 209 4074 rum
226 3984 347 4054 suorum
364 3998 529 4073 potuerint„
558 3996 626 4054 iude
645 3995 848 4070 explicandum
866 3998 938 4061 crit,
968 3994 1062 4071 quod,
1088 4013 1177 4071 quum
1195 3994 1241 4050 vel
1259 4005 1360 4068 poste-

143 4088 272 4149 rioribus
291 4087 472 4165 temporibus
491 4087 547 4146 sub
565 4088 659 4165 impp.
682 4089 814 4146 turmulis
835 4087 1023 4165 quibusdum,
1053 4086 1174 4156 ritibus,
1204 4087 1359 4161 impendiis

130 4186 216 4259 'epm
244 4193 336 4251 esset,
370 4201 428 4260 quo
450 4184 515 4260 quie
542 4180 632 4240 tribui
659 4201 729 4239 vere
748 4182 895 4239 Romanae
920 4179 1153 4247 adscriberetur,
1187 4178 1290 4253 (cuius
1317 4181 1361 4240 rei

142 4277 265 4354 uestigia
288 4288 447 4352 supersunt
469 4278 502 4333 iu·
519 4274 700 4353 Corporibus
718 4275 854 4343 Iulianis,
884 4273 1109 4352 Augustalibus,
1135 4272 1306 4330 Foederetis
1329 4275 1360 4328 iu

142 4372 294 4446 Inscriptt.
308 4368 500 4444 memoratis)
519 4371 624 4427 milites
643 4372 693 4427 isti
711 4369 758 4426 vel
775 4371 861 4425 nisuis
880 4371 985 4426 remoti
1004 4389 1020 4425 a
1039 4368 1107 4424 sede
1125 4365 1219 4422 tribus
1238 4365 1360 4421 alicuius

142 4475 172 4521 et
190 4481 332 4540 oorpore,
358 4462 406 4521 uel
424 4474 548 4539 propter
564 4475 782 4540 paupertatem,
810 4462 856 4519 vei
874 4462 952 4519 aliud
970 4462 1093 4536 denique
1112 4458 1358 4534 impedimentum,

142 4556 248 4614 talibus
267 4555 418 4615 tribulium
437 4554 575 4614 oneribus
594 4568 681 4633 atquc
699 4554 804 4614 officiis
824 4555 993 4612 satisfacere
1012 4553 1214 4630 nequiverint,
1238 4551 1359 4627 ideoque

141 4649 333 4728 praetulerint
358 4651 560 4728 imaginariam
574 4650 711 4728 aliquam
734 4647 843 4706 tribum
867 4647 978 4705 nomini
999 4664 1053 4703 suo
1072 4634 1219 4710 insenum
1247 4662 1304 4721 qua
1328 4645 1370 4717 iu¹
