3016 5228
191 351 246 413 stt
576 347 610 405 C.
630 346 714 405 XXI.
748 345 1021 405 HAGENBVCllll

200 538 204 543 .
265 482 348 539 4888.
375 476 416 535 Μ.
437 476 592 536 PVBLlCl
609 476 776 535 IANVARI

374 570 429 628 EX
448 570 547 627 OFFI.
568 569 773 627 DOLEAlilA

202 736 205 741 ἴ
484 662 661 722 Mlttoms.
690 692 721 706 ·-
753 661 1025 730 Aon.1³rtscae.;
1053 661 1130 738 quod
1149 673 1180 717 ut
1206 661 1345 719 ineditum
1373 673 1415 717 ex

189 756 287 815 Douio
305 756 354 815 dat
372 755 449 816 Mur.
468 760 537 824 504,
558 756 603 813 14.
624 758 743 813 inverso
760 772 898 813 versuum
915 755 1034 812 ordiner

483 847 649 906 MAIORIS

373 943 428 1000 EX
450 941 549 999 OFFl.
569 939 774 997 Donusam

355 1034 396 1093 M.
417 1031 781 1092 PVBLIC1.IANVARI.
809 1064 838 1076 -
876 1033 986 1089 Eodem
1011 1033 1128 1088 nomine
1150 1032 1204 1087 cir.
1229 1028 1316 1088 Fabr.
1338 1035 1408 1099 502,

161 1131 236 1189 “89.
262 1144 328 1184 cum
345 1127 424 1185 Mur.
446 1133 514 1194 505,
538 1131 565 1186 9.
604 1125 693 1183 Fabr.
713 1131 784 1194 502,
805 1133 856 1193 78,
878 1131 923 1184 79.
949 1124 1018 1181 eum
1041 1124 1118 1180 lllur.
1144 1125 1214 1190 496,
1240 1129 1268 1181 9.
1306 1123 1409 1179 foede

128 1207 132 1216 ¹
189 1231 346 1295 corruptae
364 1231 432 1277 suut
453 1219 529 1276 haud
551 1237 660 1295 paucae
682 1219 890 1294 inscriptiones
910 1216 1092 1294 figlinarum:
1117 1258 1130 1287 „
1138 1217 1306 1292 plerumque
1326 1219 1410 1272 enim

188 1313 265 1370 hand
284 1314 368 1370 facile
388 1325 432 1370 est
449 1312 549 1370 literas
569 1331 606 1369 ex
624 1313 752 1389 antiquis
775 1310 915 1368 lateribus
940 1313 1075 1386 excipere
1084 1311 1114 1378 '’,
1141 1312 1181 1365 ait
1201 1308 1346 1365 Oliverius
1366 1309 1409 1361 ad

189 1406 298 1460 Pisaur.
317 1426 347 1482 p.
370 1412 433 1466 187.

260 1520 285 1586 i.
305 1525 351 1579 23.
378 1516 431 1573 DE
451 1516 530 1572 Eun
548 1513 809 1573 IIISPANORVM
827 1514 869 1571 IN
886 1512 1003 1571 saxis
1021 1512 1146 1569 SAEPE
1162 1510 1400 1568 MEMOEATA.

187 1610 234 1667 Ex
251 1609 383 1685 Epistola
406 1615 451 1672 55.
476 1610 546 1665 anui
571 1614 652 1670 1742.
673 1608 710 1665 ad
728 1608 788 1665 Iac.
811 1606 920 1665 Christ.
941 1607 1088 1664 Barbium.
1129 1606 1226 1662 Variis
1248 1605 1406 1661 doctorum

154 1702 163 1723 ⁸
188 1702 375 1779 opinionibus
392 1701 427 1758 de
444 1703 557 1777 origine
573 1710 602 1757 et
618 1703 764 1776 scriptura
779 1702 865 1756 buius
881 1698 1014 1757 vocabuli
1030 1701 1193 1766 recensitis,
1215 1695 1318 1775 quibus
1338 1699 1405 1772 ipse

189 1793 270 1852 addit
288 1813 385 1862 suam,
409 1795 485 1851 idem
510 1796 628 1850 omuino
648 1794 718 1851 illud
738 1812 801 1850 esse
820 1812 886 1849 cum
905 1793 1072 1870 germanico
1089 1791 1206 1859 law),
1231 1793 1270 1846 ita
1288 1793 1404 1866 pergit:

260 1887 364 1943 ERAE
388 1885 561 1942 vocabulum
580 1887 696 1963 quarmo
715 1888 746 1942 iu
765 1904 850 1941 usum
868 1885 1069 1961 Hispanorum
1087 1884 1189 1940 Latine
1210 1881 1403 1939 scribentium

148 2010 157 2027 ·
187 1963 314 2055 primum
342 1980 470 2047 venerit,
502 1980 659 2034 nescimus.
704 1977 828 2035 Vossius
854 1997 920 2035 cum
946 1977 1124 2053 Sepulveda,
1151 1979 1208 2032 ism
1233 1994 1310 2032 anuo
1335 1987 1405 2032 ante

188 2070 337 2127 Christum
361 2072 460 2127 uatum
481 2069 721 2139 xxxvmru,
754 2091 770 2127 a
796 2090 853 2148 quo
882 2091 959 2128 anno
983 2071 1060 2128 Erae
1085 2070 1261 2144 llispauicae
1288 2070 1405 2124 initium

117 2151 120 2155 ’
187 2155 397 2222 numerationis
414 2147 539 2232 ducitur,
560 2167 647 2220 etiam
663 2163 797 2221 vocabuli
813 2165 888 2221 Erae
905 2166 1018 2221 initium
1035 2164 1163 2230 duxisse,
1180 2164 1288 2218 frustra
1305 2172 1404 2217 tamen

188 2269 217 2314 et
232 2247 295 2315 sine
313 2270 397 2326 teste,
421 2258 535 2314 videtur
554 2243 714 2314 censuisse.
749 2258 899 2335 Quotquot
917 2258 1011 2314 adhuc
1027 2257 1198 2333 prodierunt
1216 2264 1403 2312 monumenta

188 2354 317 2428 antiqua,
338 2350 490 2429 inquibus
509 2351 595 2407 buius
615 2352 658 2406 rei
676 2352 815 2431 memoria
834 2361 1006 2407 conservata
1026 2351 1148 2426 legitur,
1171 2349 1404 2406 Christianorum

189 2442 387 2514 omnia'sunt‚
408 2461 501 2520 neque
520 2461 622 2499 eornm
641 2444 730 2500 ullum
750 2443 849 2500 seculo
870 2454 938 2518 post
955 2443 1100 2500 Christum
1120 2452 1218 2498 natum
1238 2444 1339 2518 quinto
1358 2452 1405 2497 est

188 2537 352 2612 antiquius3
381 2548 496 2593 utnon
517 2545 626 2593 temere
651 2537 779 2610 suspicio
806 2536 933 2602 oriatur,
958 2534 993 2592 ab
1014 2535 1188 2594 Christianis
1210 2537 1241 2590 in
1261 2535 1404 2609 Hispania

187 2630 316 2704 primum
333 2629 418 2685 huius
438 2629 519 2685 rucis
537 2645 622 2685 usum
641 2638 776 2701 coeptum
800 2645 863 2684 esse
888 2629 1031 2685 inveniri:
1062 2647 1149 2702 quam
1173 2645 1275 2683 vocem
1298 2638 1403 2702 postea

189 2720 306 2796 quidam
327 2722 390 2776 iure
413 2738 450 2777 au
472 2720 579 2776 iniuria
606 2717 642 2775 ab
667 2738 732 2773 aero
750 2737 837 2794 ιιιιιιιιι
863 2719 1022 2776 derivatam
1048 2719 1202 2777 crederent
1224 2717 1405 2777 scriberent-

188 2831 260 2887 quc,
284 2811 313 2868 id
332 2811 409 2886 quod
430 2830 466 2867 ex
484 2811 591 2869 Isidori
608 2810 790 2885 Hispalensis
808 2809 978 2886 Originibus
998 2814 1068 2869 satis
1086 2822 1216 2879 constat,
1239 2813 1282 2868 nil
1299 2815 1404 2880 miror,

188 2901 225 2961 ab
245 2901 374 2961 librariis
394 2900 555 2961 serioribns
574 2922 652 2963 rtuuc
671 2905 773 2970 Eram,
797 2923 875 2962 nunc
895 2907 1000 2957 Aetam
1020 2903 1110 2962 scribi
1133 2906 1246 2965 solitam
1268 2924 1348 2973 csse3
1368 2915 1407 2962 'at

189 2996 349 3052 Christiani
367 2998 424 3072 ipsi
446 2998 477 3054 iu
498 2998 693 3053 monumentis
716 2996 839 3073 lapideis
862 2999 980 3055 nonnisi
1000 2997 1111 3054 ERAM
1131 2998 1221 3055 incidi
1242 3014 1330 3075 quum
1351 3015 1406 3054 cu·

187 3090 297 3158 rarint,
328 3089 508 3167 diphthongo
533 3089 586 3148 Au
613 3091 648 3147 in'
667 3093 750 3149 vocis
775 3091 859 3149 initio
883 3090 1012 3148 studiose
1037 3093 1143 3159 vitata,
1174 3109 1228 3148 cur
1252 3110 1318 3148 cum
1339 3092 1405 3164 ipsa

189 3199 290 3239 eorum
308 3200 381 3239 truce
396 3202 456 3243 uon
472 3184 558 3242 etiam
575 3183 734 3243 eorundem
750 3185 831 3241 vocis
847 3185 932 3243 huius
953 3185 1191 3261 orthographiam
1206 3183 1405 3241 relineamus?

188 3276 254 3345 (cir.
269 3286 367 3337 tamea
379 3276 417 3333 N.
432 3280 529 3346 4890.)
548 3276 609 3335 Iam
621 3276 744 3352 lapides.
761 3278 792 3337 in
804 3275 909 3354 quibus
924 3277 1002 3335 ΕΒΑ
1014 3296 1069 3353 per
1081 3278 1105 3335 E
1118 3278 1230 3352 sculpta
1242 3279 1403 3352 reperitur,

189 3364 322 3444 Scaliger
335 3369 394 3424 Lib.
408 3367 445 3427 V.
461 3368 574 3423 Emend.
588 3369 682 3442 Temp.
696 3389 727 3446 p.
741 3373 806 3430 448.
829 3381 966 3446 quattuor
977 3371 1115 3444 protulit,
1136 3390 1209 3447 quos
1223 3389 1238 3428 c
1252 3369 1405 3445 Scaligero

189 3478 242 3519 suo
256 3462 487 3537 Inscriptiouuot
504 3459 687 3538 Syutagmati
705 3461 803 3521 intulit
819 3461 972 3521 Reinesius
989 3463 1082 3521 Clara.
1096 3463 1165 3520 XX.
1187 3483 1216 3520 ιι.
1234 3468 1286 3523 447
1298 3464 1403 3521 -450,

189 3566 272 3611 ratus
295 3556 325 3613 in
349 3555 477 3612 Grutero
503 3573 562 3612 nou
584 3557 726 3630 reperiris
752 3557 941 3630 reperiuntur
965 3567 1062 3614 tamen
1085 3556 1159 3623 duca
1189 3575 1257 3613 nam
1281 3555 1401 3614 Reiues.

187 3645 258 3704 XX.
273 3647 337 3705 447.
352 3651 410 3703 iam
423 3658 487 3704 crat
500 3649 531 3702 in
545 3647 631 3704 Grut.
647 3651 728 3716 1049,
744 3653 771 3708 5.
785 3649 855 3706 item
866 3648 951 3707 Rein.
964 3647 1035 3705 XX.
1049 3651 1113 3708 450.
1130 3651 1161 3705 iu
1175 3639 1260 3707 Grut.
1276 3655 1357 3715 1055,
1372 3651 1402 3706 9.

262 3738 383 3796 Grutcri
402 3741 572 3798 Thesaurus
590 3739 832 3815 eliosprsatcrca
853 3758 906 3797 sex
923 3738 1012 3799 habet
1028 3740 1156 3816 lapides,
1179 3761 1252 3819 quos
1270 3740 1404 3800 Indicum

187 3829 285 3905 Caput
305 3835 351 3891 19.
377 3850 438 3889 nou
456 3833 600 3903 ostendit,
626 3832 753 3890 ostendit
770 3851 840 3890 saue
859 3834 953 3909 Caput
971 3837 1018 3893 at.
1044 3835 1174 3910 Vtraque
1199 3835 1288 3895 editio
1308 3844 1416 3892 autem·

190 3941 277 4000 quum
294 3926 432 3998 proprios
453 3943 570 3984 errores
589 3943 658 3983 suos
678 3927 709 3983 in
726 3926 783 3985 hoc
798 3925 894 3986 indice
909 3924 1028 3997 habeat,
1050 3929 1091 3986 ita
1105 3939 1150 3986 est
1166 3915 1403 3987 concinnandas:

179 4052 218 4110 .'
305 4015 387 4075 uim
410 4017 652 4084 D111.1ot9‚5.
700 4104 703 4109 ἢ

312 4124 352 4156 ’-
406 4109 571 4168 01111111.
593 4113 681 4178 eost,
701 4115 729 4170 4.

224 4347 244 4407 ·)
269 4350 400 4395 Admodum
418 4350 548 4406 probabilis
566 4356 602 4396 est
619 4351 675 4396 hace
693 4355 842 4406 coniectum,
862 4354 942 4399 neseio
960 4369 989 4399 au
1007 4355 1061 4401 eliis
1079 4357 1151 4401 etiam
1168 4356 1281 4412 subnata,
1299 4368 1408 4412 praeser-

190 4419 232 4462 tim
255 4421 296 4463 vtilii
321 4421 430 4464 conferas
448 4419 579 4464 Gothorum
598 4418 655 4478 ier,
675 4420 747 4480 jero,
773 4435 863 4468 unaue.
888 4447 920 4457 -
956 4425 1019 4468 liaeo
1042 4425 1184 4480 scripseram
1206 4431 1259 4471 auto
1282 4425 1325 4470 hos
1348 4427 1407 4469 duos

190 4500 273 4532 nouos.
311 4487 378 4534 Nunc
395 4483 476 4533 eoulcr
494 4490 571 4534 ideles-
587 4486 722 4535 Headbech
740 4489 785 4536 der
802 4488 964 4551 chronologis
983 4491 1007 4538 9.
1032 4506 1056 4549 p.
1076 4491 1151 4548 240..
1177 4497 1235 4541 oudo
1259 4495 1323 4540 vides
1346 4494 1407 4539 bunc

191 4556 273 4599 Virum
291 4557 452 4602 doctissimum
470 4563 523 4613 posi
540 4559 699 4604 Murchiouetu
717 4560 840 4620 ttonsejur
856 4560 919 4607 idem
936 4561 1034 4617 prorsus¹
1052 4576 1159 4609 censere.

224 4660 253 4714 ⁸⁸)
271 4658 559 4727 Vich¹urtdeolrifier
575 4666 612 4710 ico
630 4664 709 4711 dotes.
739 4663 816 4712 Nous.
829 4639 896 4711 didit.
920 4667 999 4713 Puris.
1015 4664 1089 4712 tals.
1109 4669 1181 4718 Tom.
1202 4667 1226 4715 l.
1244 4682 1268 4729 p.
1285 4665 1326 4715 49.
1357 4667 1405 4715 Oa.

97 4778 405 4991 ,Αἱ
