3016 5228
508 364 534 433 i.
557 365 584 424 l.
624 361 768 424 TRIBVS
786 362 993 425 ROMANAE.
1325 371 1360 426 25

151 493 288 548 varicatua
307 510 373 548 esse
392 492 560 569 insimulet,
588 492 790 552 adducendum
806 497 877 552 mihi
895 514 960 552 case
980 495 1065 555 video
1085 497 1149 555 saxi
1167 495 1324 554 Sentinatis
1344 514 1362 551 a

151 585 233 645 Gorio
249 587 341 643 laser.
359 586 423 644 Ber.
443 585 480 644 Τ.
495 592 524 643 2.
544 604 574 660 p.
589 589 654 647 515.
673 586 809 661 producti
827 590 942 646 initium
960 590 1067 646 hocce:
1136 596 1139 602 “

508 676 545 734 L.
565 677 766 735 DENTVSIO
785 679 820 736 L.
841 680 875 738 F.
895 679 997 741 PAPi.
1027 722 1030 727 »

496 770 534 826 Α.
554 769 782 829 PROCVLINO
801 771 865 844 EQ.
886 773 922 831 P.
942 784 998 834 cet.

213 862 307 922 ludes
324 862 379 921 xl.
399 880 452 920 sou
470 861 613 921 Tribunm
632 863 780 921 Gorianua
800 884 836 923 cx
854 883 913 924 uno
931 876 1045 924 tantum
1063 883 1140 955 saxo
1156 866 1253 926 dedite

628 954 750 1031 ,Papia
771 966 804 1025 1,
825 957 873 1018 9.”

148 1048 194 1105 sed
212 1050 262 1125 qui
281 1048 318 1105 ad
337 1049 426 1105 istum
444 1048 505 1105 adit
524 1046 651 1122 lapidem
668 1048 705 1109 Τ.
726 1058 753 1109 1.
774 1069 804 1126 p.
823 1055 952 1111 enon.
972 1050 1024 1109 lv.
1051 1070 1112 1109 non
1131 1053 1278 1128 integrum
1296 1051 1365 1109 PA-

148 1141 223 1208 etl,
246 1141 299 1197 scd
317 1140 433 1199 solitam
450 1151 563 1197 tantum
582 1140 684 1216 siglam
703 1142 791 1199 PAP.
811 1141 930 1202 videbit.
964 1143 1059 1202 Miror
1077 1156 1174 1203 sutem
1191 1156 1260 1220 post
1278 1162 1365 1201 soum

148 1233 168 1292 1.
187 1239 216 1292 9.
236 1234 439 1290 doetissimum
455 1233 565 1291 Indicis
583 1245 733 1293 auctorem
752 1254 812 1292 non
831 1235 1001 1312 adposuisse
1021 1234 1108 1298 etiam
1126 1237 1165 1292 11.
1186 1241 1251 1296 525.
1288 1237 1366 1293 Ver·

147 1345 195 1383 sus
219 1330 298 1383 enirn
322 1329 411 1402 primi
431 1327 531 1386 literas
551 1327 668 1382 ultimas
685 1327 775 1388 ΡΑΡι
795 1346 861 1387 cum
878 1330 907 1386 A
929 1346 982 1386 seu
1006 1329 1091 1389 litera
1115 1328 1238 1386 secundi
1261 1347 1364 1385 versus

147 1420 248 1482 initiali
267 1420 486 1497 coniungendas
508 1421 535 1475 ei
552 1420 642 1477 luisse
663 1421 759 1489 visas,
779 1437 901 1497 eumque
920 1423 1113 1488 existimasse,
1134 1419 1170 1479 L.
1190 1421 1365 1478 Deutuaium

147 1511 336 1569 l’roculinum
353 1511 444 1569 tribui
462 1512 597 1569 PAPIAs
615 1511 796 1588 adscriptum
814 1515 933 1574 omniuo
951 1515 1051 1581 fuisse,
1073 1510 1206 1571 dubitare
1226 1514 1276 1569 vix
1294 1532 1365 1588 pos-

147 1623 224 1662 sum:
252 1624 312 1680 qno
335 1606 502 1673 retulerim,
518 1607 672 1665 „minatum
695 1626 708 1662 1
732 1605 763 1667 in
790 1624 893 1662 versus
918 1607 1006 1683 primi
1031 1603 1089 1664 line
1108 1624 1126 1662 a
1144 1605 1237 1663 Gor'io
1262 1623 1298 1661 ex
1318 1606 1365 1662 in-

147 1700 230 1772 genio
255 1700 382 1757 fortusse
407 1697 571 1766 adtextum,
601 1701 683 1756 ouius
703 1701 825 1775 uestigia
844 1700 876 1757 in
894 1698 990 1773 lapide
1010 1699 1075 1774 ipso
1095 1699 1248 1755 evanuisse
1267 1698 1364 1755 credi·

147 1791 237 1849 derit:
264 1809 319 1850 uec
344 1809 405 1847 non
428 1791 609 1848 inGoriano
634 1794 784 1851 nominum
807 1791 904 1850 indica
928 1791 1002 1868 logis
1030 1791 1088 1863 ,L
1108 1791 1252 1850 nestorio
1271 1791 1307 1848 L.
1326 1791 1362 1849 12.

146 1883 235 1959 Papia
252 1883 413 1941 Proculino
431 1883 565 1960 l.·(male
584 1903 639 1959 pro
660 1885 714 1958 11.)
733 1886 817 1946 545ss

216 1977 316 2033 Etiam
333 1978 359 2033 si
377 1979 544 2053 cognomini
562 1976 807 2045 PROCVLINO,
837 1979 943 2054 quippe
964 1977 1036 2034 satis
1055 1995 1144 2046 seno,
1173 1977 1251 2036 nullu
1270 1977 1363 2036 medi-

141 2072 210 2127 cina
234 2088 310 2143 opus
336 2088 416 2138 esse,
449 2081 478 2129 ot
503 2069 613 2132 Tribus
640 2070 770 2128 Goriana
794 2070 914 2129 PAPIA
937 2070 1003 2129 loeo
1028 2088 1081 2127 suo
1108 2081 1175 2128 ante
1200 2088 1363 2144 cognomen

140 2164 241 2236 -posita
259 2162 387 2220 adsensu
406 2163 575 2239 dignissima
601 2164 696 2239 possit
717 2164 826 2231 rideri,
859 2166 939 2221 iuuat
963 2174 1060 2220 tamen
1084 2165 1200 2240 egregie
1225 2164 1362 2222 Inlustria

147 2252 271 2322 llallcii,
305 2257 364 2311 nisi
387 2257 502 2332 egregio
527 2256 628 2322 fallor,
662 2254 966 2331 aordmomypos,
1001 2274 1087 2335 quem
1111 2257 1142 2315 in
1162 2257 1230 2313 Ver.
1255 2258 1362 2311 Illustr.

146 2346 182 2404 Τ.
203 2357 230 2407 1.
250 2348 331 2404 lose.
351 2347 447 2405 XVII.
468 2368 498 2425 p.
514 2357 542 2410 8.
562 2351 688 2424 primmn
707 2348 802 2416 dedit,
829 2359 859 2406 ct
876 2350 908 2405 iu
925 2350 1002 2404 Mus.
1021 2350 1088 2404 Ver.
1108 2352 1179 2415 562.
1198 2352 1226 2407 9.
1253 2350 1363 2405 iteran-

146 2439 213 2534 dusm
230 2440 330 2508 duxit,
351 2452 383 2497 ut
402 2441 492 2497 malas
513 2441 597 2500 Gocii
616 2453 644 2498 et
663 2434 926 2518 Muratorll²ffi97,
946 2445 975 2502 1.
996 2460 1033 2499 ex
1051 2453 1123 2517 typo
1142 2443 1264 2517 opinor,
1285 2442 1363 2500 San·

145 2533 288 2600 eassanii,
321 2550 406 2610 quem
429 2545 548 2608 practer
573 2532 774 2592 llaffeiumaet
799 2534 921 2593 Gorium
946 2532 1100 2611 praefixit,
1131 2534 1219 2593 PAP.
1240 2535 1362 2592 APRO-

145 2624 291 2682 CVLINO
320 2622 471 2701 habentis)
502 2625 630 2692 ἐκδόσεις
658 2631 824 2705 castigaret.
868 2628 949 2704 Ergo
977 2630 1026 2704 qui
1054 2630 1085 2685 in
1112 2645 1145 2685 re
1173 2629 1360 2703 epigraphica

144 2718 285 2779 ratenus
304 2730 333 2775 et
351 2719 482 2796 augenda
501 2721 698 2795 principatum
717 2719 844 2789 obtinet,
865 2720 1000 2781 Mafl'eina
1020 2720 1131 2783 Sestioi
1151 2722 1194 2777 tic
1212 2721 1298 2796 legit:

508 2812 544 2872 L.
565 2813 766 2871 DENTVSIO
785 2814 820 2871 L.
841 2813 876 2871 F.
897 2814 986 2873 Pte.

515 2905 767 2964 APPOCVLINO
786 2905 850 2978 EQ.
871 2906 905 2968 P.
929 2917 985 2966 oet.

145 2997 272 3075 adeoque
291 3016 351 3055 non
370 2997 505 3067 PAPIA,
536 3000 587 3055 sed
605 2999 692 3056 PAP.
713 2998 742 3055 id
761 3009 806 3056 est
824 2999 965 3057 PAPlrta.
1002 2998 1036 3058 Si
1062 3002 1111 3058 cui
1130 3000 1291 3061 Goriaunm
1310 3022 1362 3060 ro·

145 3110 269 3167 gnomen
287 3094 397 3166 passim
416 3090 535 3148 obvimn
552 3090 779 3149 PROCVLINO
798 3092 863 3167 plus
878 3090 1054 3162 blandiatur,
1075 3114 1162 3172 mam
1175 3095 1362 3153 Maffeianutn

145 3186 292 3241 insolitum
310 3183 579 3252 APPOCVLINO,
609 3187 634 3241 is
655 3185 698 3241 sic
718 3186 843 3263 cogitet,
873 3186 929 3242 hoo
949 3186 1075 3242 hominis
1094 3188 1180 3245 huius
1199 3206 1362 3264 cognomen

144 3295 203 3335 non
221 3280 314 3354 magis
333 3296 442 3334 novum
461 3296 541 3346 esse,
572 3296 606 3335 ac
628 3278 806 3352 gentilicium
825 3279 954 3339 eiusdem
972 3297 1088 3336 nomeu.
1127 3278 1363 3339 DENTVSIAM

145 3373 220 3426 enim
244 3381 360 3446 gentem
386 3388 476 3447 aeque
499 3389 536 3426 ao
559 3369 844 3428 APPOCVLINVM
868 3388 1034 3445 cognomen¹
1056 3371 1113 3426 alio
1137 3370 1199 3428 ullo
1217 3373 1248 3428 in
1266 3371 1362 3447 lapide

146 3481 204 3518 aon
221 3466 342 3520 memini
359 3481 404 3519 me
422 3465 532 3538 legere.
569 3462 656 3535 Quod
679 3465 738 3519 nisi
756 3461 928 3530 Fabi-ottus,
959 3464 1021 3538 ipse
1040 3461 1187 3531 Vrbinao,
1216 3465 1273 3521 hoc
1290 3466 1364 3523 Vm-

146 3552 224 3611 briae
242 3574 313 3613 suae
335 3575 439 3613 saxum
459 3559 670 3632 ignor-auisset,
700 3558 911 3627 Imcrtpttonum
931 3573 1050 3611 suarum
1070 3555 1165 3632 Capiti
1185 3556 1238 3614 IX.
1259 3559 1306 3615 vel
1323 3559 1362 3616 ol)

146 3648 308 3701 Dmtusim
326 3661 441 3725 gentem
459 3649 604 3708 intulisset
627 3669 657 3724 p.
678 3651 743 3712 618.
777 3647 897 3710 ΡΑΡῙΑ
917 3665 987 3730 ergo
1006 3646 1100 3711 tribus
1118 3650 1196 3726 apud
1215 3651 1362 3711 Romanos

148 3740 222 3797 nulla
242 3759 372 3817 unquam
390 3743 454 3799 tait.
462 3742 486 3818 ¹)

171 3845 174 3848 ’
214 3833 365 3892 Hactenus
390 3834 631 3893 Hsosnsrcms.

213 3930 304 3987 Vides
323 3948 361 3985 ex
385 3930 441 3986 hoc
466 3932 616 3998 examine,
638 3942 709 4007 quot
726 3929 821 3988 tribus
844 3952 859 3988 n
880 3930 1047 4007 scaligero,
1073 3933 1229 3992 Boindinio
1247 3935 1362 3993 Zacha·

147 4025 243 4100 risque
268 4023 377 4079 relatae
401 4022 448 4078 vel
472 4040 595 4097 prorsus
621 4026 808 4092 evanuerint,
842 4024 888 4081 vel
915 4025 1109 4086 fondamentis
1136 4028 1290 4084 admodum
1315 4032 1361 4086 in-

146 4120 247 4184 certis,
267 4117 310 4172 uti
329 4114 559 4172 demonstratum
576 4125 638 4183 est,
666 4117 806 4174 nitantur.
846 4117 964 4186 Restat,
989 4130 1021 4175 ut
1040 4137 1112 4195 qnae
1133 4118 1168 4176 de
1186 4120 1359 4179 militaribus

148 4211 282 4274 sentiam,
311 4207 442 4265 brevitor
465 4227 621 4283 exponam.
658 4208 800 4266 Marinius
823 4210 939 4286 quidem
956 4213 1012 4268 itas
1040 4217 1105 4264 Atti
1122 4221 1149 4270 2.
1170 4232 1201 4288 p.
1220 4213 1285 4274 115.
1324 4217 1364 4283 ,l

144 4303 242 4355 soldutl
266 4303 413 4373 originarj
430 4302 468 4354 da
484 4309 597 4359 nestorii
614 4304 732 4357 barbare
750 4303 873 4357 divom
889 4309 952 4359 vari
969 4306 1097 4360 cirtadtat
1114 4310 1263 4364 saraanosi
1281 4308 1361 4361 ctia-

212 4542 234 4592 1)
262 4544 399 4587 Boiudinins
417 4539 492 4586 Mem.
511 4541 540 4586 de
558 4540 653 4586 l'Aeud.
672 4542 715 4587 dee
733 4542 812 4588 lnce-r.
833 4545 864 4589 Τ.
879 4542 903 4590 l.
923 4560 946 4599 p.
961 4543 1003 4591 8¹).
1040 4546 1150 4600 Papiam,
1170 4561 1237 4605 qnam
1255 4553 1360 4607 agnoscit

143 4611 241 4723 :ipram
265 4615 297 4656 ita
315 4618 471 4670 nuncupatam
487 4616 552 4670 putat
569 4627 582 4656 a
599 4608 673 4669 Papio
691 4613 790 4666 Mutilo,
813 4614 944 4660 Cluentium
961 4630 975 4658 a
992 4615 1021 4660 Ι..
1041 4616 1164 4670 Cluentio,
1189 4619 1286 4663 docilius
1304 4620 1359 4665 laslli

174 4695 176 4699 ’
197 4694 247 4727 atti.
